@book{velez1993principios,
	title={Principios de inferencia estad{\'\i}stica},
	author={V{\'e}lez, R and Garc{\'\i}a, A},
	year={1993},
	publisher={UNED. Madrid}
}
@book{rosner2015fundamentals,
	title={Fundamentals of biostatistics},
	author={Rosner, Bernard},
	year={2015},
	publisher={Nelson Education}
}
@book{uned2,
	title={Metodos avanzados de estad√≠stica aplicada en las ciencias de la salud},
	author={Garcia Perez Alfonso},
	year={2017},
	publisher={UNED}
}